<record><leader>00000cas a22000007a 4500</leader><controlfield tag="001">1769373</controlfield><controlfield tag="008">751101d19001984mnuwr ne      0    0eng d</controlfield><datafield ind1=" " ind2=" " tag="010"><subfield code="a">sn 89064850 </subfield></datafield><datafield ind1=" " ind2=" " tag="040"><subfield code="a">MUL</subfield><subfield code="b">eng</subfield><subfield code="c">MUL</subfield><subfield code="d">OCL</subfield><subfield code="d">MN#</subfield><subfield code="d">OCLCQ</subfield><subfield code="d">OCLCF</subfield><subfield code="d">OCLCO</subfield></datafield><datafield ind1="1" ind2=" " tag="029"><subfield code="a">AU@</subfield><subfield code="b">000025863464</subfield></datafield><datafield ind1=" " ind2=" " tag="042"><subfield code="a">msc</subfield></datafield><datafield ind1=" " ind2=" " tag="043"><subfield code="a">n-us-mn</subfield></datafield><datafield ind1=" " ind2=" " tag="052"><subfield code="a">4144</subfield><subfield code="b">W263</subfield></datafield><datafield ind1=" " ind2=" " tag="052"><subfield code="a">4143</subfield><subfield code="b">R4</subfield></datafield><datafield ind1="0" ind2="0" tag="245"><subfield code="a">Walnut Grove tribune.</subfield></datafield><datafield ind1=" " ind2=" " tag="260"><subfield code="a">Walnut Grove, Minn. :</subfield><subfield code="b">Hulbert &amp; Gleason,</subfield><subfield code="c">1900-1984.</subfield></datafield><datafield ind1=" " ind2=" " tag="310"><subfield code="a">Weekly</subfield></datafield><datafield ind1="0" ind2=" " tag="362"><subfield code="a">Vol. 10, no. 14 (Oct. 25, 1900)-v. 94, no. 9 (Sept. 27, 1984).</subfield></datafield><datafield ind1=" " ind2=" " tag="530"><subfield code="a">Available on microfilm from the Minnesota Historical Society.</subfield></datafield><datafield ind1=" " ind2="0" tag="651"><subfield code="a">Walnut Grove (Minn.)</subfield><subfield code="v">Newspapers.</subfield></datafield><datafield ind1=" " ind2="7" tag="655"><subfield code="a">Newspapers.</subfield><subfield code="2">fast</subfield><subfield code="0">(OCoLC)fst01423814</subfield></datafield><datafield ind1=" " ind2="7" tag="651"><subfield code="a">Minnesota</subfield><subfield code="z">Walnut Grove.</subfield><subfield code="2">fast</subfield><subfield code="0">(OCoLC)fst01239461</subfield></datafield><datafield ind1=" " ind2=" " tag="752"><subfield code="a">United States</subfield><subfield code="b">Minnesota</subfield><subfield code="c">Redwood</subfield><subfield code="d">Walnut Grove.</subfield></datafield><datafield ind1="0" ind2="0" tag="780"><subfield code="t">Rural center</subfield><subfield code="w">(DLC)sn 89064849</subfield></datafield><datafield ind1="0" ind2="5" tag="780"><subfield code="t">Revere record</subfield><subfield code="w">(DLC)sn 89064844</subfield></datafield><datafield ind1="0" ind2="7" tag="785"><subfield code="t">Westbrook sentinel</subfield><subfield code="w">(OCoLC)1696685</subfield></datafield><datafield ind1="0" ind2="7" tag="785"><subfield code="t">Sentinel and tribune</subfield><subfield code="w">(DLC)sn 84001914</subfield></datafield></record>